@string{pla = "Phys Lett A"}
@string{pl = "Phys Lett"}
@string{pra = "Phys Rev A"}
@string{pd = "Physica D"}
@string{jsv = "J Sound Vibr"}
@string{jcsc = "J Circuits, Systems and Computers"}
@string{ijbc = "Int J Bifurcation Chaos"}
@string{ieeetcas = "IEEE Trans Circuits and Syst"}
@string{jrssb = "J R Stat Soc {\rm B}"}
@string{cs = "Complex Systems"}
@string{pre = "Phys Rev E"}
@string{prl = "Phys Rev Lett"}
@string{n = "Nature"}
@string{zn = "Z Naturforsch"}
@string{jfi = "J Franklin Inst"}
@string{jp = "J Physiol (London)"}
@string{aism = "Ann Inst Stat Math"}
@string{ieeetac = "IEEE Trans Autom Control"}
@string{ajp = "Amer J Physiol"}
@string{s = "Science"}
@string{neph = "Nephron"}
@string{geo = "Geophysics"}
@string{pieee = "Proc IEEE"}
@string{arp = "Annu Rev Physiol"}
@string{jacc = "J Am Coll Cardiol"}
@string{mi = "Med Inform"}
@string{ijbmc = "Int J Bio-Med Comput"}
@string{ieeetbe = "IEEE Trans Biomed Eng"}
@string{ahj = "Am Heart J"}
@string{diab = "Diabetes"}
@string{jap = "J Appl Physiol"}
@string{psyc = "Psychol Rev"}
@string{psycho = "Psychophysiology"}
@string{pha = "Pharmacol Rev"}
@string{mbec = "Med Biol Eng Comput"}
@string{circ = "Circulation"}
@string{ieeetae = "IEEE Trans Audio Electroacoust."}
@string{pbr = "Prog Brain Res"}
@string{sa = "Sci Am"}
@string{neuro = "Neuroscience"}
@string{jans = "J Autonom Nerv Syst"}
@string{ieeetassp = "IEEE Trans Acoust Speech Signal Process"}
@string{ajc = "Amer J Cardiol"}
@string{cbr = "Comput Biomed Res"}
@string{jh = "J Hypertens"}
@string{br = "Brain Res"}
@string{brr = "Brain Res Rev"}
@string{mc = "Math Comput"}
@string{ieeetit = "IEEE Trans Inform Theory"}
@string{ehj = "Eur Heart J"}
@string{riis = "Rev Inst Int Statist"}
@string{ieeespm = "IEEE Signal Proc Mag"}
@string{jcva = "J Cardiothorac Vasc Anesth"}
@string{jcp = "J Cardiovasc Pharmacol"}
@string{ehd = "Early Hum Dev"}
@string{aim = "Artif Intell Med"}
@string{cdt = "Cardiovasc Drug Therapy"}
@string{cr = "Cardiovasc Res"}
@string{car = "Clin Auton Res"}
@string{jicm = "J Intensive Care Med"}
@string{coc = "Curr Opin Cardiol"}
@string{mim = "Methods Inform Med"}
@string{ppce = "Pace-Pac Clin Electrophys"}
@string{natma = "Nonlinear Anal - Theor Meth App"}
@string{csc = "Clin Sci"}
@string{ijc = "Int J Cardiol"}
@string{ipbs = "Integrat Physiol Behav Sci"}
@string{pnasu = "Proc Nat Acad Sci USA"}
@string{je = "J Electrocardiol"}
@string{aa = "Anesth Analg"}
@string{csf = "Chaos Soliton Fractal"}
@string{ijao = "Int J Artif Organs"}
@string{nhspam = "New Horiz -- Sci Pract Acute Med"}
@string{bc = "Biol Cybern"}
@string{el = "Europhys Lett"}
@string{jmm = "J Molecular Med"}
@string{jhlt = "J Heart Lung Transplant"}
@string{mcm = "Math Comput Modelling"}
@string{jama = "JAMA - J Am Med Assn"}
@string{ajog = "Amer J Obstet Gynecol"}
@string{bj = "Biophys J"}
@string{ao = "Artif Organs"}
@string{jpm = "J Perinat Med"}
@string{ijao = "Int J Artif Organs"}
@string{jcn = "J Clin Neurophysiol"}
@string{jim = "J Intern Med"}
@string{hb = "Hum Biol"}
@string{bp = "Biol Psychiatry"}
@string{anyas = "Ann N Y Acad Sci"}


@Article{and/74,
  author = 	 {Andersen, N. O.},
  title = 	 {On the calculation of filter coefficients for maximum entropy spectral analysis},
  journal = 	 geo,
  year = 	 {1974},
  OPTkey = 	 {},
  volume = 	 {39},
  OPTnumber = 	 {},
  OPTmonth = 	 {},
  pages = 	 {69--72},
  OPTnote = 	 {},
  OPTannote = 	 {}
}

@Book{box_jen/76,
  author = 	 {Box, G. E. P. and Jenkins, G. M.},
  title = 	 {Time Series Analysis - Forecasting and Control},
  OPTchapter = 	 {},
  publisher = 	 {Holden Day},
  year = 	 {1976},
  OPTkey = 	 {},
  OPTeditor = 	 {},
  OPTvolume = 	 {},
  OPTnumber = 	 {},
  OPTseries = 	 {},
  address =	 {San Francisco},
  OPTedition = 	 {},
  OPTmonth = 	 {},
  OPTpages = 	 {},
  OPTtype = 	 {},
  OPTnote = 	 {},
  OPTannote = 	 {}
}

@Book{bri/74,
  author = 	 {Brigham, E. O.},
  title = 	 {The Fast Fourier Transform},
  OPTchapter = 	 {},
  publisher = 	 {Prentice-Hall},
  year = 	 {1974},
  OPTkey = 	 {},
  OPTeditor = 	 {},
  OPTvolume = 	 {},
  OPTnumber = 	 {},
  OPTseries = 	 {},
  address =	 {Englewood Cliffs},
  OPTedition = 	 {},
  OPTmonth = 	 {},
  OPTpages = 	 {},
  OPTtype = 	 {},
  OPTnote = 	 {},
  OPTannote = 	 {}
}

@Book{kay/87,
  author = 	 {Kay, S. M.},
  title = 	 {Modern Spectral Estimation: theory and application},
  OPTchapter = 	 {},
  publisher = 	 {Prentice Hall},
  year = 	 {1987},
  OPTkey = 	 {},
  OPTeditor = 	 {},
  OPTvolume = 	 {},
  OPTnumber = 	 {},
  OPTseries = 	 {},
  address =	 {Englewood Cliffs},
  OPTedition = 	 {},
  OPTmonth = 	 {},
  OPTpages = 	 {},
  OPTtype = 	 {},
  OPTnote = 	 {},
  OPTannote = 	 {}
}

@Book{pre/92,
  author = 	 {Press, W. H.},
  title = 	 {Numerical Recipes},
  publisher = 	 {Cambridge},
  year = 	 {1992},
  OPTkey = 	 {},
  OPTeditor = 	 {},
  OPTvolume = 	 {},
  OPTnumber = 	 {},
  OPTseries = 	 {},
  OPTaddress = 	 {},
  OPTedition = 	 {2nd},
  OPTmonth = 	 {},
  OPTnote = 	 {},
  OPTannote = 	 {}
}

@Book{pre_fla/92,
  author = 	 {Press, W. H. and Teukolsky, S. A. and Vetterling, W. T. and Flannery, B. P.},
  title = 	 {Numerical Recipes in C - The Art of Scientific Computing},
  publisher = 	 {Cambridge University Press},
  year = 	 {1992},
  OPTkey = 	 {},
  OPTeditor = 	 {},
  OPTvolume = 	 {},
  OPTnumber = 	 {},
  OPTseries = 	 {},
  address =	 {New York},
  OPTedition = 	 {},
  OPTmonth = 	 {},
  OPTnote = 	 {},
  OPTannote = 	 {}
}

@Book{bel/00,
  author = 	 {Bellamy, J.},
  title = 	 {Digital Telephony},
  publisher = 	 {John Wiley},
  year = 	 {2000},
  OPTkey = 	 {},
  OPTeditor = 	 {},
  OPTvolume = 	 {},
  OPTnumber = 	 {},
  OPTseries = 	 {},
  OPTaddress =	 {},
  edition = 	 {3rd},
  OPTmonth = 	 {},
  OPTnote = 	 {},
  OPTannote = 	 {}
}
