@article{huang,
author={Szu-Hao HUANG, and Ying-Cheng PAN},
title={Automated visual inspection in the semiconductor industry: A survey},
journal={Elsevier},
volume={66},
number={},
pages={1--10},
year={2014},
DOI={http://dx.doi.org/10.1016/j.compind.2014.10.006},
publisher={National Tsing Hua University, Taiwan}
}

@INPROCEEDINGS{othman,
  author={OTHMAN, Nashwan Adnan and SALUR, Mehmet Umut and KARAKOSE, Mehmet and AYDIN, Ilhan},
  booktitle={2018 International Conference on Artificial Intelligence and Data Processing (IDAP)}, 
  title={An Embedded Real-Time Object Detection and Measurement of its Size}, 
  year={2018},
  volume={},
  number={},
  pages={1-4},
  doi={10.1109/IDAP.2018.8620812}
  }

@article{lowe,
author={David G. LOWE},
title={Distinctive Image Features from Scale-Invariant Keypoints},
journal={International Journal of Computer Vision},
volume={60},
number={2},
pages={91--110},
year={2004},
DOI={https://doi.org/10.1023/B:VISI.0000029664.99615.94}
}

@article{doong,
author={Shing Hwang DOONG},
title={Automatic Reel Editing in Chip on Film Quality Control With Computer Vision},
journal={International Journal of Systems and Service-Oriented Engineering},
volume={11},
number={1},
pages={1--14},
year={2021},
DOI={10.4018/IJSSOE.2021010101},
publisher={Shu-Te University, Taiwan}
}

@online{opencv,
    author    = "OpenCV Open Source Computer Vision",
    title     = "OpenCV Modules",
    url       = "https://docs.opencv.org/4.x/index.html",
    keywords  = ""
}

@online{morpho,
    author    = "OpenCV Open Source Computer Vision",
    title     = "Eroding and Dilating",
    url       = "https://docs.opencv.org/3.4/db/df6/tutorial_erosion_dilatation.html",
    keywords  = ""
}